@article{einstein,
  author =       "Albert Einstein",
  title =        "{Zur Elektrodynamik bewegter K{\"o}rper}. ({German})
                 [{On} the electrodynamics of moving bodies]",
  journal =      "Annalen der Physik",
  volume =       "322",
  number =       "10",
  pages =        "891--921",
  year =         "1905",
  DOI =          "http://dx.doi.org/10.1002/andp.19053221004"
}
@article{crowdsourcing,
  author =       "Thosmas D. Latoxa, Andre van der Hoek",
  title =        "Crowdsourcing in Software Engineering: Models, Motivations and Challenges",
  year =         "2016"
}

@book{latexcompanion,
    author    = "Michel Goossens and Frank Mittelbach and Alexander Samarin",
    title     = "The \LaTeX\ Companion",
    year      = "1993",
    publisher = "Addison-Wesley",
    address   = "Reading, Massachusetts"
}
 
@misc{Mobiletest,
    author    = "J. Gao, X. Bai, Wei-Tek Tsai, Tadahiro Uehara ",
    title     = "Mobile Application Testing: A tutorial",
    url       = "http://ieeexplore.ieee.org/abstract/document/6693676/reload=true"
}
